1795 2989
749 177 989 191 -·-·-·--
1614 161 1656 205 V

206 300 311 330 nam
351 280 565 329 bivalvem
582 320 593 336 ‚
649 278 813 350 saepius
852 282 1108 341 recondito,
1150 286 1420 351 ‘punctori0‚
1465 279 1622 331 serrato
1638 320 1652 342 ,

206 365 280 397 aut
298 351 421 398 nullo
440 347 675 399 secundam
699 350 993 400 differentiam
1016 351 1151 404 sexus,

66 437 209 491 Artus
227 441 500 504 piezatorum
519 434 615 485 sunt
636 439 754 496 alae,
789 438 943 506 pede3‚
979 438 1128 490 cauda.

133 527 247 578 Alae
268 538 454 590 quatuor
472 525 695 589 aequales,
732 525 1002 591 inaequales,
1034 526 1419 583 membranaceae,
1455 524 1650 592 plicatae,

268 590 504 650 nervosae,
537 598 674 641 rarius
696 594 842 641 nullae
862 592 1102 641 secundum
1125 592 1288 643 sexum.

130 679 271 734 Pedes
300 677 371 727 sex
407 683 572 729 thoraci
612 680 729 728 affixi
763 678 957 738 femore,
993 682 1119 736 tibia,
1156 678 1268 728 tarso
1299 680 1547 738 articulato,
1582 679 1661 728 di:

257 753 380 814 gito,
413 767 554 814 unge,
588 767 814 815 nunquam
832 754 1031 798 natatorii
1056 763 1126 798 aut
1147 747 1354 799 salientes.

126 837 284 890 Cauda
319 835 504 953 eXsgrtast'
542 837 695 896 firma,
731 834 991 885 acutiuscula
1023 835 1099 884 sub
1127 837 1371 886 abdomine
1397 835 1524 884 affixa
1553 828 1645 883 ‘sae-

262 924 360 972 pius
418 926 466 953 ee
503 944 514 955 .

52 993 195 1046 Sexus
218 995 494 1058 piezatotum
515 990 680 1057 triplex.

123 1081 236 1131 Mas
276 1077 496 1126 interdum
530 1085 699 1142 major,
741 1077 933 1138 tardior,
976 1096 1214 1144 generans,
1260 1079 1483 1128 vivificans
1510 1078 1637 1128 femi-

255 1165 358 1193 nam
381 1148 596 1205 obruens,
631 1148 894 1214 deprimens.

119 1234 325 1285 Foemina
355 1237 628 1300 concipien3‚
675 1238 856 1300 ouipara
888 1239 1023 1281 rarius
1054 1253 1224 1284 marem
1258 1237 1456 1291 attrahit,
1492 1235 1637 1283 obruit

256 1319 359 1348 cum
380 1307 467 1365 ejus
493 1307 602 1352 vitae
623 1300 866 1369 dispendio.

184 1391 265 1437 Per
289 1387 508 1453 fingulum
540 1393 705 1438 coitum
726 1407 802 1452 per
826 1388 972 1454 plures
997 1407 1142 1437 annos
1167 1407 1248 1438 ova
1270 1386 1528 1438 foecundata
1555 1408 1634 1456 po.

317 1476 421 1505 nere
443 1458 624 1515 dicitur,
659 1455 802 1505 nescio
833 1476 889 1506 an
918 1462 1011 1514 rite,
1040 1461 1086 1506 in
1108 1458 1325 1524 republica
1351 1466 1633 1523 gynocratica

311 1531 476 1594 Apum.

111 1613 288 1665 Neutra
320 1617 542 1680 operaria,
579 1611 829 1668 militantia,
864 1626 1053 1673 armata,
1088 1627 1239 1662 natura
1272 1627 1344 1663 aut
1368 1627 1459 1662 arte
1479 1614 1631 1662 castra·

248 1695 315 1737 ta,
359 1683 617 1747 quibusdam
647 1683 875 1746 generibus
908 1681 960 1728 ad
998 1681 1240 1730 faciliorem
1276 1682 1626 1732 sustentationem

239 1747 431 1798 familiae
459 1751 618 1800 addita.
688 1751 934 1798 Aedificant
961 1752 1135 1798 cellulas
1160 1753 1395 1817 nidosque,
1443 1765 1629 1818 purgant

242 1837 313 1865 eas
336 1838 361 1865 a
394 1821 658 1885 quisquiliis,
694 1824 887 1867 nutriunt
921 1820 1087 1876 laruam,
1122 1836 1273 1867 curant
1302 1840 1462 1887 pupae,
1498 1840 1624 1868 excu-

240 1887 327 1934 bias
351 1903 510 1949 agunt,
545 1886 790 1936 defendunt
820 1886 1034 1937 familiam
1061 1904 1102 1936 et
1125 1904 1307 1936 enecant
1332 1908 1469 1937 mares
1497 1890 1623 1955 gulae

242 1955 409 2005 deditos
427 1957 525 2024 post
547 1962 734 2023 nuptias.

42 2043 183 2094 Ovum
226 2048 375 2091 matris
417 2063 516 2092 cura
550 2041 718 2091 summa
757 2056 830 2089 aut
862 2044 1069 2091 arborum
1106 2042 1221 2091 soliis
1265 2057 1352 2106 aut
1381 2045 1618 2099 lai-uarum,

172 2131 389 2178 puparum
425 2127 496 2160 aut
535 2110 795 2160 insectorum
833 2116 1088 2177 corporibus
1136 2113 1287 2161 aculeo
1339 2113 1616 2168 invide-airum,

173 2197 282 2243 quae
325 2187 440 2229 intus
482 2183 660 2230 devorat
711 2178 928 2227 exclusum
970 2196 1042 2228 aut
1088 2186 1280 2238 araneis,
1364 2179 1613 2245 insecti5que

167 2246 242 2294 sub
276 2264 384 2298 terra
419 2248 588 2314 sepultis
624 2249 858 2306 creditum,
891 2264 963 2295 aut
996 2255 1039 2296 in
1065 2251 1228 2296 celluii„¹
1255 2269 1276 2296 a
1311 2257 1471 2297 neufris
1499 2250 1611 2295 aedi.

172 2317 306 2363 sic-atis
346 2318 594 2385 depositum
635 2323 747 2366 exuit
787 2325 949 2366 tunicas
991 2337 1124 2365 unam
1154 2318 1247 2383 post
1273 2320 1476 2374 alteram,
1519 2335 1607 2382 quo

169 2399 331 2432 mutata
353 2386 556 2434 structura
577 2392 713 2434 Larua
740 2392 853 2453 Pupa
877 2392 1030 2450 Imago
1053 2388 1283 2451 prodeunt.

103 2473 259 2523 Larua
279 2477 448 2529 minor,
484 2470 696 2528 crescens,
731 2492 888 2528 vorax,
923 2473 1097 2530 sterilis,
1131 2471 1371 2521 succulenta
1391 2471 1607 2521 interdum

166 2540 392 2606 polypoda
412 2546 598 2591 omnino
624 2555 790 2608 aptera,
827 2540 984 2591 infans.

1467 2632 1511 2680 F
1516 2644 1604 2692 upa
