1795 2989
101 104 167 153 IV

165 227 368 282 Maxilla
396 228 560 285 brevis,
596 245 756 274 cornea
783 239 856 274 aut
883 226 1242 279 membranacea,
1285 220 1459 280 obtusa,
1506 228 1686 290 integra,

298 299 522 344 interdum
561 297 786 361 elongata,
824 294 1007 352 inflexa,
1041 295 1217 342 lacinias
1243 296 1475 347 exteriores
1510 293 1687 360 liuguae

301 365 582 413 constituens.

161 451 356 508 Lablum
386 454 539 506 breve,
593 469 828 508 corneum,
885 450 1401 506 autaemembranaceum‚
1436 460 1686 500 truncatum

299 534 371 568 aut
393 519 704 576 rotundatum,
758 522 1369 583 integrun1‚emarginatutn‚
1425 519 1467 565 bi
1498 533 1537 566 et
1577 519 1685 567 trifi-

295 589 427 644 dum,
464 602 537 635 aut
581 589 865 651 elongatum,
901 601 1155 654 porrectum
1179 600 1252 632 aut
1277 586 1511 644 inflexum,
1546 606 1685 635 emar-

292 664 515 722 ginatum,
551 656 775 714 trifidum,
811 657 1173 723 qufflquefidum,
1211 655 1387 720 linguae
1415 656 1592 704 lacinias
1623 665 1684 705 in-

294 731 474 774 teriores
505 725 783 776 constituens.

88 813 221 868 Oculi
253 813 343 862 duo
378 815 528 873 magni
560 813 820 878 plerumque
850 811 1060 876 oblongi,
1112 810 1401 876 marginales,
1450 811 1684 869 distanteS‚

192 884 345 948 quibus
368 881 513 929 vident
540 883 724 928 colores.

90 971 236 1026 Aures
269 965 474 1016 nondum
509 965 756 1016 observatae
783 967 905 1023 sunt,
957 965 1029 1013 sed
1059 984 1111 1013 ex
1143 967 1344 1031 analogia
1378 978 1418 1015 et
1451 969 1689 1017 oblervatis*

224 1036 277 1085 ad
303 1050 594 1085 antennarum
622 1035 742 1084 basin
771 1035 870 1082 fitas
891 1032 973 1081 esse
987 1036 1165 1083 credere
1186 1035 1251 1084 fas
1270 1035 1340 1083 est.

86 1127 314 1180 Antemzae
337 1125 448 1172 duae
468 1124 746 1171 articulatae:
796 1121 985 1170 articulis
1014 1121 1212 1187 pluribus
1243 1123 1547 1188 paucioribus,
1596 1119 1683 1170 fra-

216 1209 332 1240 ctae:
387 1194 567 1240 ariiculo
607 1190 796 1240 seeundo
839 1188 1120 1250 longiffimo‚
1165 1192 1380 1248 elauatae‚
1461 1189 1681 1239 xtrorsum

221 1258 469 1318 craffiores,
516 1260 778 1316 filiforines‚
825 1256 1035 1315 setaceae‚
1085 1261 1302 1308 breviores
1333 1274 1407 1308 aut
1436 1209 1680 1324 longiores,

215 1329 355 1379 fronti
387 1344 459 1377 aut
493 1331 548 1377 ad
583 1330 940 1377 mandibularum
974 1327 1093 1375 basin
1136 1325 1344 1385 insertae,
1400 1334 1679 1396 approxima-

222 1413 288 1447 tae
318 1412 390 1446 aut
417 1398 634 1451 distantes.

79 1489 319 1544 Stemmata
355 1493 432 1534 tria
468 1487 657 1543 elevata,
723 1484 886 1543 nitida,
947 1488 1096 1533 vertici
1123 1487 1166 1531 in
1192 1483 1413 1548 triangulo
1447 1483 1677 1550 impolita,

196 1560 356 1604 mai-ius
385 1556 516 1603 nulla.

81 1643 271 1699 Thorax
303 1662 467 1708 organa
500 1639 792 1708 respirationis
829 1642 1214 1706 circulationisque
1246 1643 1477 1687 continens
1520 1642 1674 1699 brevis,

213 1710 478 1760 transversus
493 1749 506 1770 ‚
542 1711 809 1773 cylindricus
825 1747 837 1768 ‚
872 1707 1138 1777 compressus
1161 1709 1379 1757 interdum
1400 1710 1507 1758 lobo
1527 1715 1672 1759 antico

220 1782 431 1834 distincto.

77 1868 305 1927 Scatelltmz
331 1873 496 1916 thoraci
528 1868 689 1935 postice
716 1865 938 1923 additum,
972 1865 1215 1921 elevatum,
1265 1867 1401 1911 rarius
1429 1869 1671 1930 emargina-

214 1952 309 1986 tum
333 1953 405 1985 aut
434 1936 684 2005 spinosum,
721 1937 941 1983 interdum
977 1937 1268 1982 obliteratum.

77 2025 303 2080 Abdomen
321 2026 553 2072 visceribus
582 2024 922 2088 genitalibusque
963 2019 1161 2078 foetum,
1209 2017 1439 2083 segmentis
1465 2022 1670 2069 distinctis

209 2095 467 2141 annulatum
499 2098 704 2160 porisque
733 2092 973 2139 lateralibus
1009 2088 1313 2156 respirantibus
1351 2087 1572 2155 pertusum
1606 2089 1669 2138 su-

213 2182 291 2228 pra
319 2175 467 2223 tergo,
512 2159 657 2209 subtus
690 2175 865 2215 ventre,
909 2157 1042 2207 sessile
1073 2172 1145 2205 aut
1179 2158 1463 2224 petiolatum:
1502 2159 1668 2225 petiolo

209 2230 427 2278 interdum
459 2227 637 2295 squama
669 2234 947 2295 integerrima
978 2229 1166 2283 elevata,
1222 2239 1370 2284 ovata,
1415 2227 1666 2288 cylindrica,

212 2296 409 2366 spinosa,
444 2299 667 2347 interdum
689 2298 918 2366 duplicata.

75 2388 205 2440 Anus·
241 2390 375 2433 exitus
404 2390 657 2434 communis
693 2404 775 2451 pro
808 2389 1005 2448 genitura
1043 2395 1084 2429 et
1119 2385 1403 2430 excrementis
1441 2384 1666 2432 abdomen

215 2459 456 2503 terminans
488 2454 641 2502 aculeo
674 2451 841 2501 exserto
871 2454 1067 2518 longiori
1096 2465 1168 2498 aut
1195 2453 1384 2499 breviori
1413 2455 1525 2500 intra
1550 2457 1662 2516 vagi-

1560 2539 1663 2568 nam
